@article{coakley2011calibration,
  title={Calibration of a detailed BES model to measured data using an evidence-based analytical optimisation approach},
  author={Coakley, Daniel and Raftery, Paul and Molloy, Padraig and White, Gear{\'o}id},
  journal={Proceedings of Building Simulation 2011},
  year={2011}
}

@article{raftery2011evidence,
  title={Calibrating whole building energy models: An evidence-based methodology},
  author={Raftery, Paul and Keane, Marcus and O’Donnell, James},
  journal={Energy and Buildings},
  volume={43},
  number={9},
  pages={2356--2364},
  year={2011},
  publisher={Elsevier}
}

@article{raftery2011detailed,
  title={Calibrating whole building energy models: Detailed case study using hourly measured data},
  author={Raftery, Paul and Keane, Marcus and Costa, Andrea},
  journal={Energy and buildings},
  volume={43},
  number={12},
  pages={3666--3679},
  year={2011},
  publisher={Elsevier}
}

@article{guideline200214,
  title={Guideline 14: Measurement of Energy and Demand Savings: American Society of Heating},
  author={Guideline, ASHRAE},
  journal={Refrigerating, and Air-Conditioning Engineers, Standards Committee},
  year={2002}
}

@misc{united2001international,
  title={International Performance Measurement \& Verification Protocol: Concepts and Options for Determining Energy and Water Savings. Volume I},
  author={United States Department of Energy},
  year={2001},
  publisher={International Performance Measurement \& Verification Protocol Committee}
}

@article{femp2015m,
  title={M\&V guidelines: measurement and verification for performance-based contracts, version 4.0},
  author={FEMP, USDOE},
  journal={Energy Efficiency and Renewable Energy},
  year={2015}
}

@article{rykiel1996testing,
  title={Testing ecological models: the meaning of validation},
  author={Rykiel Jr, Edward J},
  journal={Ecological modelling},
  volume={90},
  number={3},
  pages={229--244},
  year={1996},
  publisher={Elsevier}
}

@article{giere1979understanding,
  title={Understanding scientific reasoning},
  author={Giere, Ronald N and Bickle, John and Mauldin, Robert F},
  year={1979}
}

@book{curry1989discrete,
  title={Discrete Simulation: Fundamentals and Microcomputer Support},
  author={Curry, Guy L and Feldman, Richard M and Deuermeyer, Bryan L},
  year={1989},
  publisher={Holden-Day, Inc.}
}

@article{reddy2000uncertainty,
  title={Uncertainty of “measured” energy savings from statistical baseline models},
  author={Reddy, T Agami and Claridge, David E},
  journal={HVAC\&R Research},
  volume={6},
  number={1},
  pages={3--20},
  year={2000},
  publisher={Taylor \& Francis}
}

@article{reddy2007calibrating,
  title={Calibrating detailed building energy simulation programs with measured data—Part I: General methodology (RP-1051)},
  author={Reddy, T Agami and Maor, Itzhak and Panjapornpon, Chanin},
  journal={Hvac\&R Research},
  volume={13},
  number={2},
  pages={221--241},
  year={2007},
  publisher={Taylor \& Francis}
}

@article{reddy2007calibrating2,
  title={Calibrating detailed building energy simulation programs with measured data—part II: application to three case study office buildings (RP-1051)},
  author={Reddy, T Agami and Maor, Itzhak and Panjapornpon, Chanin},
  journal={Hvac\&r Research},
  volume={13},
  number={2},
  pages={243--265},
  year={2007},
  publisher={Taylor \& Francis}
}

@article{coakley2014review,
  title={A review of methods to match building energy simulation models to measured data},
  author={Coakley, Daniel and Raftery, Paul and Keane, Marcus},
  journal={Renewable and sustainable energy reviews},
  volume={37},
  pages={123--141},
  year={2014},
  publisher={Elsevier}
}

@article{chong2021calibrating,
  title={Calibrating building energy simulation models: A review of the basics to guide future work},
  author={Chong, Adrian and Gu, Yaonan and Jia, Hongyuan},
  journal={Energy and Buildings},
  volume={253},
  pages={111533},
  year={2021},
  publisher={Elsevier}
}

@article{maile2012method,
  title={A method to compare simulated and measured data to assess building energy performance},
  author={Maile, Tobias and Bazjanac, Vladimir and Fischer, Martin},
  journal={Building and Environment},
  volume={56},
  pages={241--251},
  year={2012},
  publisher={Elsevier}
}

@article{li2015reliability,
  title={Why is the reliability of building simulation limited as a tool for evaluating energy conservation measures?},
  author={Li, Nan and Yang, Zheng and Becerik-Gerber, Burcin and Tang, Chao and Chen, Nanlin},
  journal={Applied energy},
  volume={159},
  pages={196--205},
  year={2015},
  publisher={Elsevier}
}

@book{heo2011bayesian,
  title={Bayesian calibration of building energy models for energy retrofit decision-making under uncertainty},
  author={Heo, Yeonsook},
  year={2011},
  publisher={Georgia Institute of Technology}
}

@article{heo2012calibration,
  title={Calibration of building energy models for retrofit analysis under uncertainty},
  author={Heo, Yeonsook and Choudhary, Ruchi and Augenbroe, GA},
  journal={Energy and Buildings},
  volume={47},
  pages={550--560},
  year={2012},
  publisher={Elsevier}
}

@article{heo2015scalable,
  title={Scalable methodology for large scale building energy improvement: Relevance of calibration in model-based retrofit analysis},
  author={Heo, Yeonsook and Augenbroe, Godfried and Graziano, Diane and Muehleisen, Ralph T and Guzowski, Leah},
  journal={Building and Environment},
  volume={87},
  pages={342--350},
  year={2015},
  publisher={Elsevier}
}

@inproceedings{menberg2017efficiency,
  title={Efficiency and reliability of Bayesian calibration of energy supply system models},
  author={Menberg, Kathrin and Heo, Yeonsook and Choudhary, Ruchi},
  booktitle={Proceedings of the 15th IBPSA Building Simulation Conference},
  year={2017}
}

@article{hong2014data,
  title={Data and analytics to inform energy retrofit of high performance buildings},
  author={Hong, Tianzhen and Yang, Le and Hill, David and Feng, Wei},
  journal={Applied Energy},
  volume={126},
  pages={90--106},
  year={2014},
  publisher={Elsevier}
}

@article{derakhti2022impact,
  title={Impact of measured data frequency on commercial building energy model calibration for retrofit analysis},
  author={Derakhti, Mohammad and O’Brien, William and Bucking, Scott},
  journal={Science and Technology for the Built Environment},
  volume={28},
  number={5},
  pages={628--644},
  year={2022},
  publisher={Taylor \& Francis}
}

@article{chong2021occupancy,
  title={Occupancy data at different spatial resolutions: Building energy performance and model calibration},
  author={Chong, Adrian and Augenbroe, Godfried and Yan, Da},
  journal={Applied Energy},
  volume={286},
  pages={116492},
  year={2021},
  publisher={Elsevier}
}

@article{sun2017framework,
  title={A framework for quantifying the impact of occupant behavior on energy savings of energy conservation measures},
  author={Sun, Kaiyu and Hong, Tianzhen},
  journal={Energy and Buildings},
  volume={146},
  pages={383--396},
  year={2017},
  publisher={Elsevier}
}

@inproceedings{wang2022evaluation,
  title={Evaluation of the relative differences in building energy simulation results},
  author={Wang, Dan and Pang, Xiufeng and Wang, Wei and Wan, Chuan and Wang, Gang},
  booktitle={Building Simulation},
  pages={1--11},
  year={2022},
  organization={Springer}
}

@article{yu2019improving,
  title={Improving accuracy in building energy simulation via evaluating occupant behaviors: A case study in Hong Kong},
  author={Yu, Cong and Du, Jia and Pan, Wei},
  journal={Energy and Buildings},
  volume={202},
  pages={109373},
  year={2019},
  publisher={Elsevier}
}

@article{han2015different,
  title={Different modeling strategies of infiltration rates for an office building to improve accuracy of building energy simulations},
  author={Han, Guiyuan and Srebric, Jelena and Enache-Pommer, Elena},
  journal={Energy and Buildings},
  volume={86},
  pages={288--295},
  year={2015},
  publisher={Elsevier}
}

@article{yang2015model,
  title={A model calibration framework for simultaneous multi-level building energy simulation},
  author={Yang, Zheng and Becerik-Gerber, Burcin},
  journal={Applied Energy},
  volume={149},
  pages={415--431},
  year={2015},
  publisher={Elsevier}
}

@article{chong2018guidelines,
  title={Guidelines for the Bayesian calibration of building energy models},
  author={Chong, Adrian and Menberg, Kathrin},
  journal={Energy and Buildings},
  volume={174},
  pages={527--547},
  year={2018},
  publisher={Elsevier}
}

@article{ball2020open,
  title={An open source analysis framework for large-scale building energy modeling},
  author={Ball, Brian L and Long, Nicholas and Fleming, Katherine and Balbach, Chris and Lopez, Phylroy},
  journal={Journal of Building Performance Simulation},
  volume={13},
  number={5},
  pages={487--500},
  year={2020},
  publisher={Taylor \& Francis}
}

@article{cacabelos2017development,
  title={Development of a new multi-stage building energy model calibration methodology and validation in a public library},
  author={Cacabelos, Ant{\'o}n and Egu{\'\i}a, Pablo and Febrero, Lara and Granada, Enrique},
  journal={Energy and Buildings},
  volume={146},
  pages={182--199},
  year={2017},
  publisher={Elsevier}
}

@article{maile2007building,
  title={Building energy performance simulation tools-a life-cycle and interoperable perspective},
  author={Maile, Tobias and Fischer, Martin and Bazjanac, Vladimir},
  journal={Center for Integrated Facility Engineering (CIFE) Working Paper},
  volume={107},
  pages={1--49},
  year={2007},
  publisher={CIFE Stanford, CA, USA}
}

@article{thompson2022managing,
  title={Managing the risk of the energy performance gap in non-domestic buildings},
  author={Thompson, David and Burman, Esfand and Mumovic, Dejan and Davies, Mike},
  journal={Building Services Engineering Research and Technology},
  volume={43},
  number={1},
  pages={57--88},
  year={2022},
  publisher={SAGE Publications Sage UK: London, England}
}

@article{blum2019practical,
  title={Practical factors of envelope model setup and their effects on the performance of model predictive control for building heating, ventilating, and air conditioning systems},
  author={Blum, DH and Arendt, K and Rivalin, L and Piette, MA and Wetter, M and Veje, CT},
  journal={Applied Energy},
  volume={236},
  pages={410--425},
  year={2019},
  publisher={Elsevier}
}

@article{zuhaib2019application,
  title={Application of a staged automated calibration methodology to a partially-retrofitted university building energy model},
  author={Zuhaib, Sheikh and Hajdukiewicz, Magdalena and Goggins, Jamie},
  journal={Journal of Building Engineering},
  volume={26},
  pages={100866},
  year={2019},
  publisher={Elsevier}
}

@article{fabrizio2015methodologies,
  title={Methodologies and advancements in the calibration of building energy models},
  author={Fabrizio, Enrico and Monetti, Valentina},
  journal={Energies},
  volume={8},
  number={4},
  pages={2548--2574},
  year={2015},
  publisher={MDPI}
}

@book{american1998aiaa,
  title={AIAA guide for the verification and validation of computational fluid dynamics simulations},
  author={American Institute of Aeronautics and Astronautics},
  year={1998},
  publisher={American Institute of aeronautics and astronautics.}
}

@article{reddy2006literature,
  title={Literature Review on Calibration of Building Energy Simulation Programs: Uses, Problems, Procedures, Uncertainty, and Tools.},
  author={Reddy, T Agami},
  journal={ASHRAE transactions},
  volume={112},
  number={1},
  year={2006}
}

@phdthesis{bertagnolio2012evidence,
	author = {Bertagnolio, Stéphane},
	title = {Evidence-Based Model Calibration for Efficient Building Energy Services},
	language = {English},
	year = {22 June 2012},
	school = {ULiège - Université de Liège},
	size = {303}
}

@article{menezes2012predicted,
  title={Predicted vs. actual energy performance of non-domestic buildings: Using post-occupancy evaluation data to reduce the performance gap},
  author={Menezes, Anna Carolina and Cripps, Andrew and Bouchlaghem, Dino and Buswell, Richard},
  journal={Applied energy},
  volume={97},
  pages={355--364},
  year={2012},
  publisher={Elsevier}
}

@article{de2002analysis,
  title={Analysis of uncertainty in building design evaluations and its implications},
  author={De Wit, Sten and Augenbroe, Godfried},
  journal={Energy and buildings},
  volume={34},
  number={9},
  pages={951--958},
  year={2002},
  publisher={Elsevier}
}

@article{rouchier2018calibration,
  title={Calibration of simplified building energy models for parameter estimation and forecasting: Stochastic versus deterministic modelling},
  author={Rouchier, Simon and Rabouille, Micka{\"e}l and Oberl{\'e}, Pierre},
  journal={Building and Environment},
  volume={134},
  pages={181--190},
  year={2018},
  publisher={Elsevier}
}

@article{hong2013fresh,
  title={A fresh look at weather impact on peak electricity demand and energy use of buildings using 30-year actual weather data},
  author={Hong, Tianzhen and Chang, Wen-Kuei and Lin, Hung-Wen},
  journal={Applied energy},
  volume={111},
  pages={333--350},
  year={2013},
  publisher={Elsevier}
}

@phdthesis{mathur2020towards,
  title={Towards a framework for developing fit-for-purpose Urban Energy Models: a case study for Ahmedabad},
  author={Mathur, Anmol},
  year={2020},
  school={CEPT University Ahmedabad, India}
}

@article{mustafaraj2014model,
  title={Model calibration for building energy efficiency simulation},
  author={Mustafaraj, Giorgio and Marini, Dashamir and Costa, Andrea and Keane, Marcus},
  journal={Applied Energy},
  volume={130},
  pages={72--85},
  year={2014},
  publisher={Elsevier}
}

@article{de2014gap,
  title={The gap between predicted and measured energy performance of buildings: A framework for investigation},
  author={De Wilde, Pieter},
  journal={Automation in construction},
  volume={41},
  pages={40--49},
  year={2014},
  publisher={Elsevier}
}

@incollection{hong2020developing,
  title={Developing quantitative insights on building occupant behaviour: Supporting modelling tools and datasets},
  author={Hong, Tianzhen and Langevin, Jared and Luo, Na and Sun, Kaiyu},
  booktitle={Energy and Behaviour},
  pages={283--319},
  year={2020},
  publisher={Elsevier}
}

@article{ekstrom2021evaluating,
  title={Evaluating the impact of data quality on the accuracy of the predicted energy performance for a fixed building design using probabilistic energy performance simulations and uncertainty analysis},
  author={Ekstr{\"o}m, Tomas and Burke, Stephen and Wiktorsson, Magnus and Hassanie, Samer and Harderup, Lars-Erik and Arfvidsson, Jesper},
  journal={Energy and Buildings},
  volume={249},
  pages={111205},
  year={2021},
  publisher={Elsevier}
}

@article{tekler2020scalable,
  title={A scalable Bluetooth Low Energy approach to identify occupancy patterns and profiles in office spaces},
  author={Tekler, Zeynep Duygu and Low, Raymond and Gunay, Burak and Andersen, Rune Korsholm and Blessing, Lucienne},
  journal={Building and Environment},
  volume={171},
  pages={106681},
  year={2020},
  publisher={Elsevier}
}

@article{tekler2022occupancy,
  title={Occupancy prediction using deep learning approaches across multiple space types: A minimum sensing strategy},
  author={Tekler, Zeynep Duygu and Chong, Adrian},
  journal={Building and Environment},
  volume={226},
  pages={109689},
  year={2022},
  publisher={Elsevier}
}

@article{peng2022hybrid,
  title={Hybrid system controls of natural ventilation and HVAC in mixed-mode buildings: A comprehensive review},
  author={Peng, Yuzhen and Lei, Yue and Tekler, Zeynep Duygu and Antanuri, Nogista and Lau, Siu-Kit and Chong, Adrian},
  journal={Energy and Buildings},
  pages={112509},
  year={2022},
  publisher={Elsevier}
}

@misc{iea2022,
  author = {IEA},
  year = {2022},
  url = {https://www.iea.org/reports/buildings},
  title = {Buildings}
}

@article{iea2020energy,
  title={Energy technology perspectives 2020},
  author={IEA},
  journal={International Energy Agency},
  year={2020}
}

@article{doe2015assessment,
  title={An assessment of energy technologies and research opportunities},
  author={DOE},
  journal={Quadrennial Technology Review. United States Department of Energy},
  pages={12--19},
  year={2015}
}

@misc{DOE2018BEM,
  author = {DOE},
  year = {2018},
  url = {https://www.energy.gov/eere/buildings/about-building-energy-modeling},
  title = {About Building Energy Modeling}
}

@book{law2007simulation,
  title={Simulation modeling and analysis},
  author={Law, Averill M and Kelton, W David and Kelton, W David},
  volume={3},
  year={2007},
  publisher={Mcgraw-hill New York}
}

@misc{DOE2010,
  author = {DOE},
  year = {2010},
  url = {https://www.energy.gov/eere/buildings/new-construction-commercial-reference-buildings},
  title = {New Construction — Commercial Reference Buildings}
}

@article{parker2012calibrated,
  title={A calibrated whole building simulation approach to assessing retrofit options for Birmingham airport},
  author={Parker, James and Cropper, Paul and Shao, Li},
  journal={Proceedings of the IBPSA—England},
  year={2012}
}

@article{da2021evaluation,
  title={Evaluation of Model Calibration Method for Simulation Performance of a Public Hospital in Brazil},
  author={da Silva, Pedro Paulo Fernandes and Neto, Alberto Hernandez and Sauer, Ildo Luis},
  journal={Energies},
  volume={14},
  number={13},
  pages={3791},
  year={2021},
  publisher={MDPI}
}

@article{guideline2002guideline,
  title={Guideline 14-2002, measurement of energy and demand savings},
  author={Guideline, ASHRAE},
  journal={American Society of Heating, Ventilating, and Air Conditioning Engineers, Atlanta, Georgia},
  year={2002}
}

@article{cowan2002international,
  title={International performance measurement and verification protocol: Concepts and Options for Determining Energy and Water Savings-Vol. I},
  author={Cowan, John},
  journal={International Performance Measurement \& Verification Protocol},
  volume={1},
  year={2002}
}

@techreport{mehta2016simulation,
  title={Simulation credibility: Advances in verification, validation, and uncertainty quantification},
  author={Mehta, Unmeel B and Eklund, Dean R and Romero, Vicente J and Pearce, Jeffrey A and Keim, Nicholas S},
  institution={The National Aeronautics and Space Administration},
  year={2016}
}

@article{hedegaard2019bottom,
  title={Bottom-up modelling methodology for urban-scale analysis of residential space heating demand response},
  author={Hedegaard, Rasmus Elb{\ae}k and Kristensen, Martin Heine and Pedersen, Theis Heidmann and Brun, Adam and Petersen, Steffen},
  journal={Applied Energy},
  volume={242},
  pages={181--204},
  year={2019},
  publisher={Elsevier}
}

@article{oraiopoulos2022accuracy,
  title={On the accuracy of urban building energy modelling},
  author={Oraiopoulos, A and Howard, B},
  journal={Renewable and Sustainable Energy Reviews},
  volume={158},
  pages={111976},
  year={2022},
  publisher={Elsevier}
}

@article{zhan2022calibrating,
  title={Calibrating building simulation models using multi-source datasets and meta-learned Bayesian optimization},
  author={Zhan, Sicheng and Wichern, Gordon and Laughman, Christopher and Chong, Adrian and Chakrabarty, Ankush},
  journal={Energy and Buildings},
  volume={270},
  pages={112278},
  year={2022},
  publisher={Elsevier}
}

@article{sun2016pattern,
  title={A pattern-based automated approach to building energy model calibration},
  author={Sun, Kaiyu and Hong, Tianzhen and Taylor-Lange, Sarah C and Piette, Mary Ann},
  journal={Applied Energy},
  volume={165},
  pages={214--224},
  year={2016},
  publisher={Elsevier}
}

@inproceedings{sun2022application,
  title={Application and evaluation of a pattern-based building energy model calibration method using public building datasets},
  author={Sun, Kaiyu and Hong, Tianzhen and Kim, Janghyun and Hooper, Barry},
  booktitle={Building Simulation},
  volume={15},
  number={8},
  pages={1385--1400},
  year={2022},
  organization={Springer}
}

@inproceedings{chong2019framework,
  title={A framework for the continuous calibration of building energy models with uncertainty},
  author={Chong, Adrian and Chao, Song},
  booktitle={Building Simulation 2019},
  volume={16},
  pages={4562--4569},
  year={2019},
  organization={IBPSA}
}

@article{carratt2023development,
  title={Development and performance evaluation of a minimum input model calibration methodology for residential buildings},
  author={Carratt, A and Kokogiannakis, G and Daly, D},
  journal={Journal of Building Performance Simulation},
  pages={1--25},
  year={2023},
  publisher={Taylor \& Francis}
}

@article{homer2014levels,
  title={Levels of evidence in system dynamics modeling},
  author={Homer, Jack},
  journal={System Dynamics Review},
  volume={30},
  number={1-2},
  pages={75--80},
  year={2014}
}

@book{audi2010epistemology,
  title={Epistemology: A contemporary introduction to the theory of knowledge},
  author={Audi, Robert},
  year={2010},
  publisher={Routledge}
}

@article{homer1996why,
  title={Why we iterate: scientific modeling in theory and practice},
  author={Homer, Jack B},
  journal={System Dynamics Review: the Journal of the System Dynamics Society},
  volume={12},
  number={1},
  pages={1--19},
  year={1996},
  publisher={Wiley Online Library}
  }

  @article{saad2023investigating,
  title={Investigating the reliability of building energy models: Comparative analysis of the impact of data pipelines and model complexities},
  author={Saad, Mostafa M and Eicker, Ursula},
  journal={Journal of Building Engineering},
  volume={71},
  pages={106511},
  year={2023},
  publisher={Elsevier}
}

@article{bou1995improved,
  title={AN IMPROVED PROCEDURE FOR DEVELOPING CALIBRATED HOURLY SIMULATION MODELS},
  author={Bou-Saada, Tarek E and Haberl, Jeff S},
  year={1995}
}

@article{martinez2020performance,
  title={A performance comparison of multi-objective optimization-based approaches for calibrating white-box building energy models},
  author={Mart{\'\i}nez, Sandra and Egu{\'\i}a, Pablo and Granada, Enrique and Moazami, Amin and Hamdy, Mohamed},
  journal={Energy and Buildings},
  volume={216},
  pages={109942},
  year={2020},
  publisher={Elsevier}
}

@inproceedings{garrett2016suitability,
  title={Suitability of ASHRAE Guideline 14 Metrics for Calibration. Technical paper},
  author={Garrett, A and New, JR},
  booktitle={Proceedings of the ASHRAE winter conference and ASHRAE transactions},
  volume={122},
  number={1},
  pages={12},
  year={2016}
}

@article{zhan2021data,
  title={Data requirements and performance evaluation of model predictive control in buildings: A modeling perspective},
  author={Zhan, Sicheng and Chong, Adrian},
  journal={Renewable and Sustainable Energy Reviews},
  volume={142},
  pages={110835},
  year={2021},
  publisher={Elsevier}
}

@article{tuysuz2020calibrating,
  title={Calibrating the building energy model with the short term monitored data: A case study of a large-scale residential building},
  author={T{\"u}ys{\"u}z, Faith and S{\"o}zer, Hatice},
  journal={Energy and Buildings},
  volume={224},
  pages={110207},
  year={2020},
  publisher={Elsevier}
}

@article{gaetani2016occupant,
  title={Occupant behavior in building energy simulation: Towards a fit-for-purpose modeling strategy},
  author={Gaetani, Isabella and Hoes, Pieter-Jan and Hensen, Jan LM},
  journal={Energy and Buildings},
  volume={121},
  pages={188--204},
  year={2016},
  publisher={Elsevier}
}

@article{shamsi2017generalization,
  title={A generalization approach for reduced order modelling of commercial buildings},
  author={Shamsi, Mohammad Haris and O’Grady, Walter and Ali, Usman and O’Donnell, James},
  journal={Energy Procedia},
  volume={122},
  pages={901--906},
  year={2017},
  publisher={Elsevier}
}

@article{turner2008energy,
  title={Energy performance of LEED for new construction buildings},
  author={Turner, Cathy and Frankel, Mark and Council, UGB},
  journal={New Buildings Institute},
  volume={4},
  number={4},
  pages={1--42},
  year={2008}
}

@article{van2016review,
  title={A review of the energy performance gap and its underlying causes in non-domestic buildings},
  author={Van Dronkelaar, Chris and Dowson, Mark and Burman, E and Spataru, Catalina and Mumovic, Dejan},
  journal={Frontiers in Mechanical Engineering},
  volume={1},
  pages={17},
  year={2016},
  publisher={Frontiers Media SA}
}

@article{cornaro2019effectiveness,
  title={Effectiveness of automatic and manual calibration of an office building energy model},
  author={Cornaro, Cristina and Bosco, Francesco and Lauria, Marco and Puggioni, Valerio Adoo and De Santoli, Livio},
  journal={Applied Sciences},
  volume={9},
  number={10},
  pages={1985},
  year={2019},
  publisher={MDPI}
}

@article{hong2017automatic,
  title={Automatic calibration model of a building energy simulation using optimization algorithm},
  author={Hong, Taehoon and Kim, Jimin and Jeong, Jaemin and Lee, Myeonghwi and Ji, Changyoon},
  journal={Energy Procedia},
  volume={105},
  pages={3698--3704},
  year={2017},
  publisher={Elsevier}
}

@article{asadi2019building,
  title={Building energy model calibration using automated optimization-based algorithm},
  author={Asadi, Somayeh and Mostavi, Ehsan and Boussaa, Djamel and Indraganti, Madhavi},
  journal={Energy and Buildings},
  volume={198},
  pages={106--114},
  year={2019},
  publisher={Elsevier}
}

@article{zhang2020development,
  title={Development of the heating load prediction model for the residential building of district heating based on model calibration},
  author={Zhang, Qiang and Tian, Zhe and Ma, Zhijun and Li, Genyan and Lu, Yakai and Niu, Jide},
  journal={Energy},
  volume={205},
  pages={117949},
  year={2020},
  publisher={Elsevier}
}

@article{ahmad2006uncalibrated,
  title={Uncalibrated building energy simulation modeling results},
  author={Ahmad, Mushtaq and Culp, Charles H},
  journal={Hvac\&R research},
  volume={12},
  number={4},
  pages={1141--1155},
  year={2006},
  publisher={Taylor \& Francis}
}

@inproceedings{cerezo2017implementation,
  title={Implementation of a calibrated Urban Building Energy Model (UBEM) for the evaluation of energy efficiency scenarios in a Kuwaiti residential neighborhood},
  author={Cerezo Davila, Carlos and Jones, Nathaniel and Al-Mumin, Adil and Hajiah, Ali and Reinhart, Christoph},
  booktitle={Building Simulation 2017},
  volume={15},
  pages={745--754},
  year={2017},
  organization={IBPSA}
}

@article{angelotti2023calibrating,
  title={Calibrating the Dynamic Energy Simulation Model for an Existing Building: Lessons Learned from a Collective Exercise},
  author={Angelotti, Adriana and Mazzarella, Livio and Cornaro, Cristina and Frasca, Francesca and Prada, Alessandro and Baggio, Paolo and Ballarini, Ilaria and De Luca, Giovanna and Corrado, Vincenzo},
  journal={Energies},
  volume={16},
  number={7},
  pages={2979},
  year={2023},
  publisher={MDPI}
}

@article{arendt2012quantification,
  title={Quantification of model uncertainty: Calibration, model discrepancy, and identifiability},
  author={Arendt, Paul D and Apley, Daniel W and Chen, Wei},
  year={2012}
}

@article{arendt2012improving,
  title={Improving identifiability in model calibration using multiple responses},
  author={Arendt, Paul D and Apley, Daniel W and Chen, Wei and Lamb, David and Gorsich, David},
  year={2012}
}

@article{carroll1993tuning,
  title={Tuning simulated building descriptions to match actual utility data: methods and implementation},
  author={Carroll, WL and Hitchcock, RJ},
  journal={ASHRAE Transactions-American Society of Heating Refrigerating Airconditioning Engin},
  volume={99},
  number={2},
  pages={928--934},
  year={1993},
  publisher={New York: American Society of Heating, Refrigerating and Air-Conditioning~…}
}

@article{risch2021influence,
  title={Influence of data acquisition on the Bayesian calibration of urban building energy models},
  author={Risch, Stanley and Remmen, Peter and M{\"u}ller, Dirk},
  journal={Energy and Buildings},
  volume={230},
  pages={110512},
  year={2021},
  publisher={Elsevier}
}

@article{yin2016linking,
  title={Linking measurements and models in commercial buildings: A case study for model calibration and demand response strategy evaluation},
  author={Yin, Rongxin and Kiliccote, Sila and Piette, Mary Ann},
  journal={Energy and Buildings},
  volume={124},
  pages={222--235},
  year={2016},
  publisher={Elsevier}
}

@article{yi2019parameter,
  title={Parameter identifiability in Bayesian inference for building energy models},
  author={Yi, Dong Hyuk and Kim, Deuk Woo and Park, Cheol Soo},
  journal={Energy and Buildings},
  volume={198},
  pages={318--328},
  year={2019},
  publisher={Elsevier}
}

@article{yi2021model,
  title={Model selection for parameter identifiability problem in Bayesian inference of building energy model},
  author={Yi, Dong Hyuk and Park, Cheol Soo},
  journal={Energy and Buildings},
  volume={245},
  pages={111059},
  year={2021},
  publisher={Elsevier}
}

@article{chong2017bayesian,
  title={Bayesian calibration of building energy models with large datasets},
  author={Chong, Adrian and Lam, Khee Poh and Pozzi, Matteo and Yang, Junjing},
  journal={Energy and Buildings},
  volume={154},
  pages={343--355},
  year={2017},
  publisher={Elsevier}
}

@article{mihai2017bottom,
  title={Bottom-up evidence-based calibration of the HVAC air-side loop of a building energy model},
  author={Mihai, Andreea and Zmeureanu, Radu},
  journal={Journal of Building Performance Simulation},
  volume={10},
  number={1},
  pages={105--123},
  year={2017},
  publisher={Taylor \& Francis}
}

@article{pachano2021multi,
  title={Multi-step building energy model calibration process based on measured data},
  author={Pachano, Jos{\'e} Eduardo and Bandera, Carlos Fern{\'a}ndez},
  journal={Energy and Buildings},
  volume={252},
  pages={111380},
  year={2021},
  publisher={Elsevier}
}

@article{hines2014determination,
  title={Determination of parameter identifiability in nonlinear biophysical models: A Bayesian approach},
  author={Hines, Keegan E and Middendorf, Thomas R and Aldrich, Richard W},
  journal={Journal of General Physiology},
  volume={143},
  number={3},
  pages={401--416},
  year={2014},
  publisher={The Rockefeller University Press}
}

@article{rumsey2020dealing,
  title={Dealing with measurement uncertainties as nuisance parameters in Bayesian model calibration},
  author={Rumsey, Kellin and Huerta, Gabriel and Brown, Justin and Hund, Lauren},
  journal={SIAM/ASA Journal on Uncertainty Quantification},
  volume={8},
  number={4},
  pages={1287--1309},
  year={2020},
  publisher={SIAM}
}

@article{kim2016stepwise,
  title={Stepwise deterministic and stochastic calibration of an energy simulation model for an existing building},
  author={Kim, Young-Jin and Park, Cheol-Soo},
  journal={Energy and Buildings},
  volume={133},
  pages={455--468},
  year={2016},
  publisher={Elsevier}
}

@article{de2018impact,
  title={Impact of building geometry description within district energy simulations},
  author={De Jaeger, Ina and Reynders, Glenn and Ma, Yixiao and Saelens, Dirk},
  journal={Energy},
  volume={158},
  pages={1060--1069},
  year={2018},
  publisher={Elsevier}
}

@misc{iso20149869,
  title={9869-1: 2014 Thermal insulation, Building elements, In-situ measurement of thermal resistance and thermal transmittance-Part 1: Heat flow meter method},
  author={ISO, EN},
  journal={London: BSI},
  year={2014}
}

@misc{iso12569,
  title={12569: Thermal Performance of Buildings and Materials—Determination of Specific Airflow Rate in Buildings—Tracer Gas Dilution Method 2017},
  author={ISO, EN},
  journal={London: BSI},
  year={2014}
}

@inproceedings{Zhan2023sep,
author = {Zhan, Sicheng and Chakrabarty, Ankush and Laughman, Christopher R. and Chong, Adrian},
title = {A Virtual Testbed for Robust and Reproducible Calibration of Building Energy Simulation Models},
booktitle = {18th IBPSA International Conference and Exhibition Building Simulation},
year = 2023,
month = sep,
url = {https://www.merl.com/publications/TR2023-114}
}

@article{reddy1999development,
  title={Development of an inverse method to estimate overall building and ventilation parameters of large commercial buildings},
  author={Reddy, TA and Deng, S and Claridge, DE},
  year={1999}
}

@techreport{kissock2002development,
  title={Development of a toolkit for calculating linear, change-point linear and multiple-linear inverse building energy analysis models, ashrae research project 1050-rp, final report},
  author={Kissock, J Kelly and Haberl, Jeff S and Claridge, David E},
  year={2002},
  institution={Energy Systems Laboratory, Texas A\&M University}
}

@book{waltz2000computerized,
  title={Computerized building energy simulation handbook},
  author={Waltz, James P and others},
  year={2000},
  publisher={CRC Press}
}

@article{viceconti2021silico,
  title={In silico trials: Verification, validation and uncertainty quantification of predictive models used in the regulatory evaluation of biomedical products},
  author={Viceconti, Marco and Pappalardo, Francesco and Rodriguez, Blanca and Horner, Marc and Bischoff, Jeff and Tshinanu, Flora Musuamba},
  journal={Methods},
  volume={185},
  pages={120--127},
  year={2021},
  publisher={Elsevier}
}

@article{garrett2015scalable,
  title={Scalable tuning of building models to hourly data},
  author={Garrett, Aaron and New, Joshua},
  journal={Energy},
  volume={84},
  pages={493--502},
  year={2015},
  publisher={Elsevier}
}

@inproceedings{ye2021evaluating,
  title={Evaluating the energy impact potential of energy efficiency measures for retrofit applications: A case study with US medium office buildings},
  author={Ye, Yunyang and Hinkelman, Kathryn and Lou, Yingli and Zuo, Wangda and Wang, Gang and Zhang, Jian},
  booktitle={Building simulation},
  volume={14},
  pages={1377--1393},
  year={2021},
  organization={Springer}
}

@article{beven2001equifinality,
  title={Equifinality, data assimilation, and uncertainty estimation in mechanistic modelling of complex environmental systems using the GLUE methodology},
  author={Beven, Keith and Freer, Jim},
  journal={Journal of hydrology},
  volume={249},
  number={1-4},
  pages={11--29},
  year={2001},
  publisher={Elsevier}
}

@techreport{reddy1997baselining,
  title={Baselining methodology for facility-level monthly energy use. Part 1: Theoretical aspects},
  author={Reddy, T Agami and Saman, Namir F and Claridge, David E and Haberl, Jeff S and Turner, W Dan and Chalifoux, Alan T},
  year={1997},
  institution={American Society of Heating, Refrigerating and Air-Conditioning Engineers}
}

@book{american2014ashrae,
  title={Ashrae Guideline 14-2014: Measurement of Energy, Demand and Water Savings},
  author={American Society of Heating, Refrigerating and Air Conditioning Engineers (Atlanta, Georgia)},
  series={ASHRAE guideline},
  url={https://books.google.com.sg/books?id=zlJkAQAACAAJ},
  year={2014},
  publisher={American Society of Heating, Refrigerating, and Air-Conditioning Engineers}
}

@book{IPMVP2012,
  title={EVO 10000 – 1:2012: Concepts and Options for Determining Energy and Water Savings. Efficiency Valuation Organization},
  author={International Performance Measurement and Verification Protocol},
  url={https://evo-world.org/en/products-services-mainmenu-en/protocols/ipmvp},
  year={2012},
  publisher={National Renewable Energy Lab. (NREL), Golden, CO (United States)}
}

@article{okuyama2012uncertainty,
  title={Uncertainty analysis and optimum concentration decay term for air exchange rate measurements: Estimation methods for effective volume and infiltration rate},
  author={Okuyama, Hiroyasu and Onishi, Yoshinori},
  journal={Building and environment},
  volume={49},
  pages={182--192},
  year={2012},
  publisher={Elsevier}
}

@article{adrian2013predicting,
  title={Predicting the envelope performance of commercial office buildings in Singapore},
  author={Adrian, Chong Zhun Min and Hien, Wong Nyuk and Marcel, Ignatius and Kardinal, Jusuf Steve},
  journal={Energy and buildings},
  volume={66},
  pages={66--76},
  year={2013},
  publisher={Elsevier}
}

@techreport{bca2018super,
title={Super Low Energy Building Technology Roadmap},
author={Building and Construction Authority},
url={https://www1.bca.gov.sg/docs/default-source/docs-corp-buildsg/sustainability/sle-tech-roadmap-report--published-ver1-1.pdf?sfvrsn=f2df22ed_0},
year={2018}
}

@article{jia2021eplusr,
  title={eplusr: A framework for integrating building energy simulation and data-driven analytics},
  author={Jia, Hongyuan and Chong, Adrian},
  journal={Energy and Buildings},
  volume={237},
  pages={110757},
  year={2021},
  publisher={Elsevier}
}

@Manual{r2021r,
title = {R: A Language and Environment for Statistical Computing},
author = {{R Core Team}},
organization = {R Foundation for Statistical Computing},
address = {Vienna, Austria},
year = {2021},
url = {https://www.R-project.org/}
}

@inproceedings{van2007python,
	title = {Python programming language.},
	volume = {41},
	booktitle = {{USENIX} annual technical conference},
	author = {Van Rossum, Guido and {others}},
	year = {2007},
	note = {00000 },
	pages = {36},
}

@article{philip2011eppy,
	title = {eppy: scripting language for {E}+},
	volume = {6},
	journal = {EnergyPlus (version 0.46)[Software-GNU AFFERO GENERAL PUBLIC LICENSE] Avaliable from¡ https://pypi. python. org/pypi/eppy/0.4},
	author = {Philip, S and Tran, T and Tanjuatco, L},
	year = {2011},
}

@article{lim2018influences,
  title={Influences of energy data on Bayesian calibration of building energy model},
  author={Lim, Hyunwoo and Zhai, Zhiqiang John},
  journal={Applied Energy},
  volume={231},
  pages={686--698},
  year={2018},
  publisher={Elsevier}
}

@article{taner2015optimisation,
  title={Optimisation processes of energy efficiency for a drying plant: A case of study for Turkey},
  author={Taner, Tolga},
  journal={Applied Thermal Engineering},
  volume={80},
  pages={247--260},
  year={2015},
  publisher={Elsevier}
}

@article{bell2001beginner,
  title={A beginner's guide to uncertainty of measurement.},
  author={Bell, Stephanie A},
  journal={NPL},
  year={2001},
  publisher={National Physical Laboratory}
}

@techreport{robertson2013evaluation,
  title={Evaluation of automated model calibration techniques for residential building energy simulation},
  author={Robertson, Joseph and Polly, Ben and Collis, Jon},
  year={2013},
  institution={National Renewable Energy Lab.(NREL), Golden, CO (United States)}
}

@inproceedings{scortegagna2023can,
	title = {Can we trust building energy performance models’ results?},
	volume = {18},
	booktitle = {Building Simulation 2023},
	author = {de Moura Scortegagna, Elisa and Martins, Nelson and Lamberts, Roberto},
	year = {2023}
}

@article{hu2023impacts,
  title={Impacts of building load dispersion level on its load forecasting accuracy: Data or algorithms? Importance of reliability and interpretability in machine learning},
  author={Hu, Maomao and Stephen, Bruce and Browell, Jethro and Haben, Stephen and Wallom, David CH},
  journal={Energy and Buildings},
  volume={285},
  pages={112896},
  year={2023},
  publisher={Elsevier}
}

@unpublished{movzina2023defining,
    author = {Mo{\v{z}}ina, Matic and Pajek, Luka and Diliban, N Pravin and Singh, Manoj Kumar and Ko{\v{s}}ir, Mitja},
    title = {Defining the Calibration Process for Building Thermal Performance Simulation During the Hot Season: A Case Study of a Single-Family Log House},
    note = {Available at SSRN webpage at https://dx.doi.org/10.2139/ssrn.4509454}
}

@article{li2022performance,
  title={Performance evaluation of short-term cross-building energy predictions using deep transfer learning strategies},
  author={Li, Guannan and Wu, Yubei and Liu, Jiangyan and Fang, Xi and Wang, Zixi},
  journal={Energy and Buildings},
  volume={275},
  pages={112461},
  year={2022},
  publisher={Elsevier}
}

@inproceedings{li2024improved,
  title={An improved transfer learning strategy for short-term cross-building energy prediction using data incremental},
  author={Li, Guannan and Wu, Yubei and Yan, Chengchu and Fang, Xi and Li, Tao and Gao, Jiajia and Xu, Chengliang and Wang, Zixi},
  booktitle={Building Simulation},
  volume={17},
  number={1},
  pages={165--183},
  year={2024},
  organization={Springer}
}
